@book{monard1993tecnicas,
  title={T{\'e}cnicas avan{\c{c}}adas de programa{\c{c}}{\~a}o Prolog para tratamento de {\'a}rvores},
  author={Monard, Maria Carolina and Nicoletti, MC},
  year={1993},
  publisher={Icmsc-Usp}
}

@book{cormen2009introduction,
  title={Introduction to algorithms},
  author={Cormen, Thomas H and Leiserson, Charles E and Rivest, Ronald L and Stein, Clifford},
  year={2009},
  publisher={MIT press}
}